@book{piston-harmony,
  title={Harmony},
  author={Piston, Walter and DeVoto, Mark},
  isbn={9780393954807},
  year={1987},
  publisher={W.~W.~Norton \& Company}
}

@inproceedings{magalhaes-fcomp,
  author = {Magalh\~aes, Jos\'e Pedro and Koops, Hendrik Vincent},
  title = {Functional Generation of Harmony and Melody},
  booktitle = {Proceedings of the Second ACM SIGPLAN Workshop on Functional Art, Music, Modeling \& Design},
  series = {FARM~'14},
  year = {2014},
  doi = {10.1145/2633638.2633645},
  publisher = {ACM},
}

@article{dehaas-harmtrace-a,
  author = {De Haas, W. Bas and Magalh\~aes, Jos\'e Pedro and Wiering, Frans and Veltkamp, Remco C.},
  title = {{HarmTrace}: Automatic Functional Harmonic Analysis},
  journal = {Computer Music Journal},
  volume = {37:4},
  pages = {37--53},
  doi = {10.1162/COMJ_a_00209},
  year = {2013},
}

@inproceedings{koops-fharm,
  author = {Koops, Hendrik Vincent and Magalh\~{a}es, Jos{\'e} Pedro and De Haas, W. Bas},
  title = {A Functional Approach to Automatic Melody Harmonisation},
  booktitle = {Proceedings of the First ACM SIGPLAN Workshop on Functional Art, Music, Modeling \& Design},
  series = {FARM '13},
  year = {2013},
  doi = {10.1145/2505341.2505343},
  publisher = {ACM},
  location = {Boston, Massachusetts, USA},
  pages = {47--58},
}

@inproceedings{dehaas-harmtrace-b,
  author = {De Haas, W. Bas and Magalh\~aes, Jos\'e Pedro and Veltkamp,
            Remco C. and Wiering, Frans},
  title = {{HarmTrace}: Improving Harmonic Similarity Estimation Using Functional
           Harmony Analysis},
  booktitle = {Proceedings of the 12th International Society for Music
               Information Retrieval Conference},
  series = {ISMIR '11},
  pages = {67--72},
  year = {2011},
}

@inproceedings{magalhaes-harmtrace,
  author = {Magalh\~{a}es, Jos{\'e} Pedro and de Haas, W. Bas},
  title = {Functional modelling of musical harmony: an experience report},
  booktitle = {Proceedings of the 16th ACM SIGPLAN International Conference on Functional Programming},
  series = {ICFP '11},
  year = {2011},
  isbn = {978-1-4503-0865-6},
  location = {Tokyo, Japan},
  pages = {156--162},
  numpages = {7},
  publisher = {ACM},
  address = {New York, NY, USA},
}

@inproceedings{huang-cp,
title	= {Counterpoint by Convolution},
author	= {Cheng-Zhi Anna Huang and Tim Cooijmans and Adam Roberts and Aaron Courville and Douglas Eck},
year	= {2017},
URL	= {https://ismir2017.smcnus.org/wp-content/uploads/2017/10/187_Paper.pdf},
booktitle	= {Proceedings of ISMIR 2017}
}

@book{fux-cp,
  title={The Study of Counterpoint},
  author={Fux, Johann Joseph},
  isbn={9780393002775},
  year={1965},
  publisher={W.~W.~Norton \& Company}
}

@misc{mezzo,
  title={Mezzo: Typesafe music composition},
  howpublished = "\url{http://hackage.haskell.org/package/mezzo}",
  author={Samozvancev, Dima},
  year={2016}
}

@misc{MusicTools,
  title={Music Tools},
  howpublished = "\url{https://github.com/halfaya/MusicTools}",
  author={Leo, John and Cong, Youyou},
  year={2019}
}

@inproceedings{szamozvancev-welltyped,
  title={Well-typed music does not sound wrong (experience report)},
  author={Szamozvancev, Dmitrij and Gale, Michael B},
  booktitle={ACM SIGPLAN Notices},
  volume={52},
  number={10},
  pages={99--104},
  year={2017},
  organization={ACM}
}

@article{eisenberg-singleton,
  title={Dependently typed programming with singletons},
  author={Eisenberg, Richard A and Weirich, Stephanie},
  journal={ACM SIGPLAN Notices},
  volume={47},
  number={12},
  pages={117--130},
  year={2013},
  publisher={ACM}
}

@inproceedings{cheney-gendyn,
  title={A lightweight implementation of generics and dynamics},
  author={Cheney, James and Hinze, Ralf},
  booktitle={Proceedings of the 2002 ACM SIGPLAN workshop on Haskell},
  pages={90--104},
  year={2002},
  organization={ACM}
}

@phdthesis{norell-phd,
  title={Towards a practical programming language based on dependent type theory},
  author={Norell, Ulf},
  year={2007},
  school={Chalmers University of Technology}
}

@inproceedings{monnier-singleton,
  title={Singleton types here, singleton types there, singleton types everywhere},
  author={Monnier, Stefan and Haguenauer, David},
  booktitle={Proceedings of the 4th ACM SIGPLAN workshop on Programming languages meets program verification},
  pages={1--8},
  year={2010},
  organization={ACM}
}

@book{hudak-haskell,
  title={The Haskell School of Music: From Signals to Symphonies},
  author={Hudak, Paul and Quick, Donya},
  isbn={9781108416757},
  lccn={2018016879},
  year={2018},
  publisher={Cambridge University Press}
}

@article{dagand-ornaments,
  title={The essence of ornaments},
  author={Dagand, Pierre-Evariste},
  journal={Journal of Functional Programming},
  publisher={Cambridge University Press},
  year={2017},
  volume={27},
  DOI={10.1017/S0956796816000356},
  pages={e9}
}

@article{tabareau-eq,
 author = {Tabareau, Nicolas and Tanter, \'{E}ric and Sozeau, Matthieu},
 title = {Equivalences for Free: Univalent Parametricity for Effective Transport},
 journal = {Proc. ACM Program. Lang.},
 issue_date = {September 2018},
 volume = {2},
 number = {ICFP},
 month = jul,
 year = {2018},
 issn = {2475-1421},
 pages = {92:1--92:29},
 articleno = {92},
 numpages = {29},
 url = {http://doi.acm.org/10.1145/3236787},
 doi = {10.1145/3236787},
 acmid = {3236787},
 publisher = {ACM},
 address = {New York, NY, USA},
 keywords = {Coq, Homotopy Type Theory, Parametricity, Type Equivalence},
}
@book{roads-tutorial,
author = {Roads, Curtis and Strawn, John and Abbott, Curtis and Gordon, John and Greenspun, Philip},
title = {The Computer Music Tutorial},
year = {1996},
isbn = {0252181583},
publisher = {MIT Press},
address = {Cambridge, MA, USA}
}