@book{piston1987harmony,
  title={Harmony},
  author={Piston, W. and DeVoto, M. and Jannery, A.},
  isbn={9780393954807},
  lccn={86023901},
  year={1987},
  publisher={Norton}
}

@inproceedings{fghm,
  author = {Magalh\~aes, Jos\'e Pedro and Koops, Hendrik Vincent},
  title = {Functional Generation of Harmony and Melody},
  booktitle = {Proceedings of the Second ACM SIGPLAN Workshop on Functional Art, Music, Modeling \& Design},
  series = {FARM~'14},
  year = {2014},
  doi = {10.1145/2633638.2633645},
  publisher = {ACM},
}

@article{hafha,
  author = {De Haas, W. Bas and Magalh\~aes, Jos\'e Pedro and Wiering, Frans and Veltkamp, Remco C.},
  title = {{HarmTrace}: Automatic Functional Harmonic Analysis},
  journal = {Computer Music Journal},
  volume = {37:4},
  pages = {37--53},
  doi = {10.1162/COMJ_a_00209},
  year = {2013},
}

@inproceedings{faamh,
  author = {Koops, Hendrik Vincent and Magalh\~{a}es, Jos{\'e} Pedro and De Haas, W. Bas},
  title = {A Functional Approach to Automatic Melody Harmonisation},
  booktitle = {Proceedings of the First ACM SIGPLAN Workshop on Functional Art, Music, Modeling \& Design},
  series = {FARM '13},
  year = {2013},
  doi = {10.1145/2505341.2505343},
  publisher = {ACM},
  location = {Boston, Massachusetts, USA},
  pages = {47--58},
}

@inproceedings{hihseufha,
  author = {De Haas, W. Bas and Magalh\~aes, Jos\'e Pedro and Veltkamp,
            Remco C. and Wiering, Frans},
  title = {{HarmTrace}: Improving Harmonic Similarity Estimation Using Functional
           Harmony Analysis},
  booktitle = {Proceedings of the 12th International Society for Music
               Information Retrieval Conference},
  series = {ISMIR '11},
  pages = {67--72},
  year = {2011},
}

@inproceedings{fmmh,
  author = {Magalh\~{a}es, Jos{\'e} Pedro and de Haas, W. Bas},
  title = {Functional modelling of musical harmony: an experience report},
  booktitle = {Proceedings of the 16th ACM SIGPLAN International Conference on Functional Programming},
  series = {ICFP '11},
  year = {2011},
  isbn = {978-1-4503-0865-6},
  location = {Tokyo, Japan},
  pages = {156--162},
  numpages = {7},
  publisher = {ACM},
  address = {New York, NY, USA},
}

@inproceedings{CounterpointByConvolution,
title	= {Counterpoint by Convolution},
author	= {Cheng-Zhi Anna Huang and Tim Cooijmans and Adam Roberts and Aaron Courville and Douglas Eck},
year	= {2017},
URL	= {https://ismir2017.smcnus.org/wp-content/uploads/2017/10/187_Paper.pdf},
booktitle	= {Proceedings of ISMIR 2017}
}

@book{fux1965study,
  title={Study of Counterpoint},
  author={Fux, J.J. and Mann, A.},
  isbn={9780393002775},
  year={1965},
  publisher={W. W. Norton, Incorporated}
}

@misc{mezzo,
  title={Mezzo: Typesafe music composition},
  howpublished = "\url{http://hackage.haskell.org/package/mezzo}",
  author={Samozvancev, Dima},
  year={2016}
}

@misc{MusicTools,
  title={Music Tools},
  howpublished = "\url{https://github.com/halfaya/MusicTools}",
  author={Cong, Youyou and Leo, John},
  year={2019}
}

